
@article{Edwards:2004sx,
	author        = {Edwards, Robert G. and Joo, Balint},
	editor        = {Bodwin, Geoffrey T. and Sinclair, D. K. and Eichten, E. and Holmgren, D. and Kronfeld, Andreas S. and Mackenzie, P. and Okamoto, M. and Simone, J. and El-Khadra, Aida X.},
	collaboration = {SciDAC, LHPC, UKQCD},
	title         = {The {C}hroma software system for {L}attice {QCD}},
	eprint        = {hep-lat/0409003},
	archivePrefix = {arXiv},
	reportNumber  = {JLAB-THY-04-54},
	doi           = {10.1016/j.nuclphysbps.2004.11.254},
	journal       = {Nucl. Phys. B Proc. Suppl.},
	volume        = {140},
	pages         = {832},
	year          = {2005}
}

@Article{Shrestha2014,
	author        = {P. Shrestha and M. Sulis and M. Masbou and S. Kollet and C. Simmer},
	journal       = {Monthly Weather Review},
	title         = {A Scale-Consistent Terrestrial Systems Modeling Platform Based on {COSMO}, {CLM}, and {ParFlow}},
	year          = {2014},
	month         = {sep},
	number        = {9},
	pages         = {3466--3483},
	volume        = {142},
	doi           = {10.1175/mwr-d-14-00029.1},
	publisher     = {American Meteorological Society},
}

@inproceedings{Weiland+2019,
	author        = {Weiland, Mich\`{e}le and Brunst, Holger and Quintino, Tiago and Johnson, Nick and Iffrig, Olivier and Smart, Simon and Herold, Christian and Bonanni, Antonino and Jackson, Adrian and Parsons, Mark},
	title         = {An Early Evaluation of Intel's Optane DC Persistent Memory Module and Its Impact on High-Performance Scientific Applications},
	year          = {2019},
	isbn          = {9781450362290},
	publisher     = {Association for Computing Machinery},
	address       = {New York, NY, USA},
	url           = {https://doi.org/10.1145/3295500.3356159},
	doi           = {10.1145/3295500.3356159},
	booktitle     = {Proceedings of the International Conference for High Performance Computing, Networking, Storage and Analysis},
	articleno     = {76},
	numpages      = {19},
	keywords      = {IO performance, non-volatile memory},
	location      = {Denver, Colorado},
	series        = {SC '19}
}

@InProceedings{Goergen2020AGU,
	author        = {{Goergen}, K. and {Belleflamme}, A. and {Ghasemi}, A. and {Hartick}, C. and {Naz}, B.~S. and {Poshyvailo}, L. and {Sharples}, W. and {Wagner}, N. and {Kollet}, S.~J.},
	booktitle     = {AGU Fall Meeting Abstracts},
	title         = {{First results from a convection-permitting pan-European fully coupled TSMP simulation}},
	year          = {2020},
	month         = dec,
	pages         = {A096-0005},
	volume        = {2020},
	adsnote       = {Provided by the SAO/NASA Astrophysics Data System},
	adsurl        = {https://ui.adsabs.harvard.edu/abs/2020AGUFMA096.0005G},
	eid           = {A096-0005},
	groups        = {TerrestrialSystems},
	keywords      = {3319 General circulation, ATMOSPHERIC PROCESSES, 3329 Mesoscale meteorology, ATMOSPHERIC PROCESSES, 3337 Global climate models, ATMOSPHERIC PROCESSES, 3364 Synoptic-scale meteorology, ATMOSPHERIC PROCESSES},
	timestamp     = {2021-06-30},
}

@article{Strafella2020,
	author        = {Loic Strafella and Damien Chapon},
	title         = {Boosting {I/O} and visualization for exascale era using Hercule: test case on {RAMSES}},
	journal       = {CoRR},
	volume        = {abs/2006.02759},
	year          = {2020},
	url           = {https://arxiv.org/abs/2006.02759},
	eprinttype    = {arXiv},
	eprint        = {2006.02759},
	timestamp     = {Mon, 08 Jun 2020 15:48:39 +0200},
	biburl        = {https://dblp.org/rec/journals/corr/abs-2006-02759.bib},
	bibsource     = {dblp computer science bibliography, https://dblp.org}
}

@article{hercule,
	author        = {    Bressand and Colombet and  Fontaine and Harel},
	title         = {Hercule: a library of scientific data management for numerical simulation},
	journal       = {CHOCS},
    year          = {2012},
	volume        = {41, 29-37},
}


@Article{Naz2019,
	author        = {Bibi S. Naz and Wolfgang Kurtz and Carsten Montzka and Wendy Sharples and Klaus Goergen and Jessica Keune and Huilin Gao and Anne Springer and Harrie-Jan Hendricks Franssen and Stefan Kollet},
	journal       = {Hydrology and Earth System Sciences},
	title         = {Improving soil moisture and runoff simulations at 3{\hspace{0.167em}}km over Europe using land surface data assimilation},
	year          = {2019},
	month         = {jan},
	number        = {1},
	pages         = {277--301},
	volume        = {23},
	doi           = {10.5194/hess-23-277-2019},
	file          = {:Naz2019.pdf:PDF},
	groups        = {TerrestrialSystems},
	publisher     = {Copernicus {GmbH}},
	timestamp     = {2021-06-28},
}
@Article{Keune2016,
	author        = {Jessica Keune and Fabian Gasper and Klaus Goergen and Andreas Hense and Prabhakar Shrestha and Mauro Sulis and Stefan Kollet},
	journal       = {Journal of Geophysical Research: Atmospheres},
	title         = {Studying the influence of groundwater representations on land surface-atmosphere feedbacks during the European heat wave in 2003},
	year          = {2016},
	month         = {nov},
	number        = {22},
	pages         = {13,301--13,325},
	volume        = {121},
	doi           = {10.1002/2016jd025426},
	file          = {:Keune2016.pdf:PDF},
	groups        = {TerrestrialSystems},
	publisher     = {American Geophysical Union ({AGU})},
	timestamp     = {2021-06-28},
}
@Article{FurushoPercot2019,
	author        = {Carina Furusho-Percot and Klaus Goergen and Carl Hartick and Ketan Kulkarni and Jessica Keune and Stefan Kollet},
	journal       = {Scientific Data},
	title         = {Pan-European groundwater to atmosphere terrestrial systems climatology from a physically consistent simulation},
	year          = {2019},
	month         = {dec},
	number        = {1},
	volume        = {6},
	doi           = {10.1038/s41597-019-0328-7},
	file          = {:FurushoPercot2019.pdf:PDF},
	groups        = {TerrestrialSystems},
	publisher     = {Springer Science and Business Media {LLC}},
	timestamp     = {2021-06-30},
}
@MISC{healthcheck,
	author        = {ParTec AG },
	title         = {{ParaStation HealthChecker Administrator's Guide}},
	year          = 2010,
	howpublished  = {https://docs.par-tec.com/html/pshealthcheck-adminguide/index.html},
	urldate       = {2021}
}
@MISC{llview,
	author        = {J\"{u}lich Supercomputing Centre},
	title         = {{LL}view --- {G}raphical monitoring of batch system controlled cluster},
	year          = 2021,
	howpublished  = {http://www.fz-juelich.de/jsc/llview},
	urldate       = {2021}
}

@MISC{jube,
	author        = {{J}\"{u}lich Supercomputing Centre},
	title         = {{JUBE} --- {J}{\"{u}}lich {B}enchmarking {E}nvironment},
	year          = 2008,
	howpublished  = { http://www.fz-juelich.de/jsc/jube},
	urldate       = {2021}
}

@MISC{motr-telemetry,
	author        = {Seagate},
	title         = {Motr/CORTX},
	year          = 2021,
	howpublished  = {https://github.com/Seagate/cortx-motr},
	urldate       = {2021}
}

@inbook{Suarez2019,
	author        = {Suarez, Estela and Eicker, Norbert and Lippert, Thomas},
	year          = {2019},
	month         = {05},
	pages         = {223-255},
	title         = {Modular Supercomputing Architecture: From Idea to Production},
	isbn          = {9781351036863},
	doi           = {10.1201/9781351036863-9}
}

@misc{ecmwf-dhs,
	author        = {ECMWF},
	title         = {{ECMWF} -- {Data Handling System}},
	year          = {2019},
	howpublished  = {https://www.ecmwf.int/en/computing/our-facilities/data-handling-system},
	urldate       = {2021}
}

@article{dongarra2013hpcg,
	title         = {HPCG technical specification},
	author        = {Dongarra, Jack and Luszczek, Piotr and Heroux, Michael A.},
	journal       = {Sandia National Laboratories, Technical Report SAND2013-8752},
	year          = {2013},
	publisher     = {Citeseer}
}

@article{Heroux13towarda,
	author        = {Michael A. Heroux and Jack Dongarra},
	title         = {Toward a New Metric for Ranking High Performance Computing Systems },
	journal       = {Sandia National Laboratories, Technical Report SAND2013-4744},
	year          = {2013}
}

@MISC{hpcghomepage,
	author        = {ICL and SNL},
	title         = {HPCG Benchmark},
	year          = {2021},
	howpublished  = {https://www.hpcg-benchmark.org},
	urldate       = {2021}
}


@MISC{hpcgsize,
	author        = {ICL and SNL},
	title         = {How big must the problem size be when running HPCG?},
	year          = {2021},
	howpublished  = {https://www.hpcg-benchmark.org/faq/index.html\#360},
	urldate       = {2021}
}

@MISC{hpcgamd,
	author        = {AMD},
	title         = {{AMD} -- {Developer Central Spack HPCG}},
	year          = {2021},
	howpublished  = {https://developer.amd.com/spack/hpcg-benchmark/},
	urldate       = {2021}
}

@MISC{iorllnl,
	author        = {LLNL},
	title         = {{HPC IO Benchmark Repository} -- {IOR and mdtest parallel I/O benchmarks}},
	year          = {2021},
	howpublished  = {https://github.com/hpc/ior},
	urldate       = {2021}
}

@INPROCEEDINGS{Shan07usingior,
	author        = {Hongzhang Shan and John Shalf},
	title         = {Using {IOR} to Analyze the {I/O} Performance for HPC Platforms},
	booktitle     = {In: Cray User Group Conference (CUGâ€™07)},
	year          = {2007}
}

@MISC{iortut,
	author        = {LLNL},
	title         = {{HPC IO Benchmark Repository} -- {IOR and mdtest parallel I/O benchmarks}},
	year          = {2021},
	howpublished  = {https://ior.readthedocs.io/en/latest/userDoc/tutorial.html},
	urldate       = {2021}
}

@MISC{iorintel,
	author        = {Intel},
	title         = {{Intel SSD D5-P4326 Series} -- {Product Specifications}},
	year          = {2021},
	howpublished  = {https://www.intel.com/content/www/us/en/products/sku/186674/intel-ssd-d5p4326-series-15-36tb-2-5in-pcie-3-1-x4-3d2-qlc/specifications.html},
	urldate       = {2021}
}

@article{cryo_motioncor2,
	title         = {Anisotropic correction of beam-induced motion for improved single-particle electron cryo-microscopy},
	author        = {Zheng, Shawn Q and Palovcak, Eugene and Armache, Jean-Paul and Cheng, Yifan and Agard, David A},
	journal       = {bioRxiv},
	pages         = {061960},
	year          = {2016},
	publisher     = {Cold Spring Harbor Laboratory},
	url           = {https://emcore.ucsf.edu/ucsf-software}
}

@misc{cryo_gautomatch,
	title         = {Gautomatch},
	author        = {Zhang, J Kai},
	year          = {2017},
	howpublished  = {https://www2.mrc-lmb.cam.ac.uk}
}

@misc{cryo_sphire,
	title         = {SPHIRE},
	howpublished  = {http://sphire.mpg.de/wiki}
}

@article{cryo_relion,
	title         = {RELION: implementation of a Bayesian approach to cryo-EM structure determination},
	author        = {Scheres, Sjors HW},
	journal       = {Journal of structural biology},
	volume        = {180},
	number        = {3},
	pages         = {519--530},
	year          = {2012},
	publisher     = {Elsevier}
}

@article{cryo_cryolo,
	title         = {SPHIRE-crYOLO is a fast and accurate fully automated particle picker for cryo-EM},
	author        = {Wagner, Thorsten and Merino, Felipe and Stabrin, Markus and Moriya, Toshio and Antoni, Claudia and Apelbaum, Amir and Hagel, Philine and Sitsel, Oleg and Raisch, Tobias and Prumbaum, Daniel and others},
	journal       = {Communications biology},
	volume        = {2},
	number        = {1},
	pages         = {1--13},
	year          = {2019},
	publisher     = {Nature Publishing Group}
}

@article{cryo_topaz,
	title         = {Positive-unlabeled convolutional neural networks for particle picking in cryo-electron micrographs},
	author        = {Bepler, Tristan and Morin, Andrew and Rapp, Micah and Brasch, Julia and Shapiro, Lawrence and Noble, Alex J and Berger, Bonnie},
	journal       = {Nature methods},
	volume        = {16},
	number        = {11},
	pages         = {1153--1160},
	year          = {2019},
	publisher     = {Nature Publishing Group}
}

@article{cryo_gctf,
	title         = {Gctf: Real-time CTF determination and correction},
	author        = {Zhang, Kai},
	journal       = {Journal of structural biology},
	volume        = {193},
	number        = {1},
	pages         = {1--12},
	year          = {2016},
	publisher     = {Elsevier}
}

@article{cryo_empiar,
	title         = {EMPIAR: a public archive for raw electron microscopy image data},
	author        = {Iudin, Andrii and Korir, Paul K and Salavert-Torres, Jos{\'e} and Kleywegt, Gerard J and Patwardhan, Ardan},
	journal       = {Nature methods},
	volume        = {13},
	number        = {5},
	pages         = {387--388},
	year          = {2016},
	publisher     = {Nature Publishing Group}
}

@article{cryo_eudat,
	title         = {EUDAT: a new cross-disciplinary data infrastructure for science},
	author        = {Lecarpentier, Damien and Wittenburg, Peter and Elbers, Willem and Michelini, Alberto and Kanso, Riam and Coveney, Peter and Baxter, Rob},
	journal       = {International Journal of Digital Curation},
	volume        = {8},
	number        = {1},
	pages         = {279--287},
	year          = {2013}
}

@techreport{iosea-d1.1,
	title         = {{IO-SEA} {D}1.1 {A}pplication and co-design input},
	author        = {Gregory, E. B. and  Couv\'{e}e, P. and M.~Golasowski},
	institution   = {IO-Software for Exascale Architectures},
	year          = {2021},
	month         = {Jul}
}

@techreport{iosea-d2.2,
	title         = {{IO-SEA} {D}2.2 {E}phemeral Data Access Environment: {F}irst version of the solution},
	author        = {M.~Golasowski and  D.~Vasiliauskas and  M.~Rauh and N.~Derbey and P.~Couv\'{e}e },
	institution   = {IO-Software for Exascale Architectures},
	year          = {2023},
	month         = {Mar}
}

@article{gao2018bigdatabench,
	author        = {Wanling Gao and Jianfeng Zhan and Lei Wang and Chunjie Luo and Daoyi Zheng and Rui Ren and Chen Zheng and Gang Lu and Jingwei Li and Zheng Cao and Shujie Zhang and Haoning Tang},
	title         = {BigDataBench: A Dwarf-based Big Data and AI Benchmark Suite},
	journal       = {CoRR},
	volume        = {abs/1802.08254},
	year          = {2018},
	url           = {http://arxiv.org/abs/1802.08254},
	eprinttype    = {arXiv},
	eprint        = {1802.08254},
	timestamp     = {Mon, 13 Aug 2018 16:47:11 +0200},
	biburl        = {https://dblp.org/rec/journals/corr/abs-1802-08254.bib},
	bibsource     = {dblp computer science bibliography, https://dblp.org}
}

@incollection{ming2013bdgs,
	title         = {Bdgs: A scalable big data generator suite in big data benchmarking},
	author        = {Ming, Zijian and Luo, Chunjie and Gao, Wanling and Han, Rui and Yang, Qiang and Wang, Lei and Zhan, Jianfeng},
	booktitle     = {Advancing big data benchmarks},
	pages         = {138--154},
	year          = {2013},
	publisher     = {Springer}
}

@inproceedings{gao2018data,
	author        = {Gao, Wanling and Zhan, Jianfeng and Wang, Lei and Luo, Chunjie and Zheng, Daoyi and Tang, Fei and Xie, Biwei and Zheng, Chen and Wen, Xu and He, Xiwen and Ye, Hainan and Ren, Rui},
	title         = {Data Motifs: A Lens towards Fully Understanding Big Data and AI Workloads},
	year          = {2018},
	isbn          = {9781450359863},
	publisher     = {Association for Computing Machinery},
	address       = {New York, NY, USA},
	url           = {https://doi.org/10.1145/3243176.3243190},
	doi           = {10.1145/3243176.3243190},
	booktitle     = {Proceedings of the 27th International Conference on Parallel Architectures and Compilation Techniques},
	articleno     = {2},
	numpages      = {14},
	keywords      = {AI, data motif, workload characterization, big data},
	location      = {Limassol, Cyprus},
	series        = {PACT '18}
}

@MISC{intelhplhomepage,
	author        = {Intel Corporation},
	title         = {The Intel(R) Distribution for LINPACK Benchmark},
	year          = {2021},
	howpublished  = {https://www.intel.com/content/www/us/en/develop/documentation/onemkl-linux-developer-guide/top/intel-oneapi-math-kernel-library-benchmarks/intel-distribution-for-linpack-benchmark-1/overview-intel-distribution-for-linpack-benchmark.html},
	urldate       = {2021}
}

@article{hpldongarra,
	author        = {Dongarra, Jack J. and Luszczek, Piotr and Petitet, Antoine},
	title         = {The LINPACK Benchmark: past, present and future},
	journal       = {Concurrency and Computation: Practice and Experience},
	volume        = {15},
	number        = {9},
	pages         = {803-820},
	keywords      = {benchmarking, BLAS, high-performance computing, HPL, linear algebra, LINPACK, TOP500},
	doi           = {https://doi.org/10.1002/cpe.728},
	url           = {https://onlinelibrary.wiley.com/doi/abs/10.1002/cpe.728},
	eprint        = {https://onlinelibrary.wiley.com/doi/pdf/10.1002/cpe.728},
	year          = {2003}
}

@MISC{deepproto,
	author        = {DEEP Projects EU},
	title         = {Research Prototypes Developed within the DEEP set of projects: DEEP-EST Prototype Specification},
	year          = {2021},
	howpublished  = {https://www.deep-projects.eu/hardware/prototypes.html},
	urldate       = {2021}
}

@MISC{intelhpldevguide,
	author        = {Intel Corporation},
	title         = {Developer Guide for Intel(R) oneAPI Math Kernel Library for Linux},
	year          = {2021},
	howpublished  = {https://www.intel.com/content/www/us/en/develop/documentation/onemkl-linux-developer-guide/top/intel-oneapi-math-kernel-library-benchmarks/intel-distribution-for-linpack-benchmark-1/configuring-parameters.html},
	urldate       = {2021}
}

@MISC{Top500,
	author        = {Strohmaier, Jack and Dongarra, Jack and Horst, Simon and Meuer, Martin and Meuer, Hans},
	title         = {Top500 List},
	year          = {2021},
	howpublished  = {https://www.top500.org/},
	urldate       = {2021}
}

@misc{qio_web,
	title         = {{QIO}, the {QCD} {I}nput/{O}utput Applications Programmer Interface},
	howpublished  = {http://usqcd-software.github.io/qio/}
}

@MISC{OMB_Homepage,
	author        = {Ohio State Univsersity},
	title         = {OSU-Microbenchmarks},
	date          = {2021-11-08},
	howpublished  = {https://mvapich.cse.ohio-state.edu/benchmarks/},
	urldate       = {2021-11-19}
}

@MISC{Linktest_Homepage,
	author        = {Wolfgang Frings and Dorian Krause and Max Enno Holicki and Yannik M\"{u}ller},
	title         = {Linktest},
	date          = {2021-08-29},
	howpublished  = {https://gitlab.jsc.fz-juelich.de/cstao-public/linktest},
	urldate       = {2021-11-19}
}

@MISC{STREAM2_Homepage,
	author        = {McCalpin, John D.},
	date          = {2003},
	howpublished  = {http://www.cs.virginia.edu/stream/stream2/},
	urldate       = {2021-11-01}
}

% iperf3
@article{dugan2014iperf3,
	title         = {iperf3, tool for active measurements of the maximum achievable bandwidth on ip networks},
	author        = {Dugan, Jon and Elliott, Seth and Mah, Bruce A and Poskanzer, Jeff and Prabhu, Kaustubh},
	journal       = {URL: https://github. com/esnet/iperf},
	year          = {2014}
}

@article{cryo_imod,
	title         = {Automated tilt series alignment and tomographic reconstruction in IMOD},
	author        = {Mastronarde, David N and Held, Susannah R},
	journal       = {Journal of structural biology},
	volume        = {197},
	number        = {2},
	pages         = {102--113},
	year          = {2017},
	publisher     = {Elsevier}
}

@Article{Jacob2013,
	author        = {Daniela Jacob and Juliane Petersen and Bastian Eggert and Antoinette Alias and Ole B{\o}ssing Christensen and Laurens M. Bouwer and Alain Braun and Augustin Colette and Michel D{\'{e}}qu{\'{e}} and Goran Georgievski and Elena Georgopoulou and Andreas Gobiet and Laurent Menut and Grigory Nikulin and Andreas Haensler and Nils Hempelmann and Colin Jones and Klaus Keuler and Sari Kovats and Nico KrÃ¶ner and Sven Kotlarski and Arne Kriegsmann and Eric Martin and Erik van Meijgaard and Christopher Moseley and Susanne Pfeifer and Swantje Preuschmann and Christine Radermacher and Kai Radtke and Diana Rechid and Mark Rounsevell and Patrick Samuelsson and Samuel Somot and Jean-Francois Soussana and Claas Teichmann and Riccardo Valentini and Robert Vautard and BjÃ¶rn Weber and Pascal Yiou},
	journal       = {Regional Environmental Change},
	title         = {{EURO}-{CORDEX}: new high-resolution climate change projections for European impact research},
	year          = {2013},
	month         = {jul},
	number        = {2},
	pages         = {563--578},
	volume        = {14},
	doi           = {10.1007/s10113-013-0499-2},
	groups        = {TerrestrialSystems},
	publisher     = {Springer Science and Business Media {LLC}},
}

@ARTICLE{ISO/IEC60559:2020,
	journal       = {ISO/IEC 60559:2020(E) IEEE Std 754-2019}, 
	title         = {{ISO/IEC/IEEE} {I}nternational {S}tandard - {F}loating-point arithmetic},
	year          = {2020},
	pages         = {1-86},
	doi           = {10.1109/IEEESTD.2020.9091348}
}

@techreport{deepsea-d1.2,
	title         = {{DEEP-SEA} {D}1.2: {A}pplication use cases and traces} ,
	author        = {Meinke, J.H. and Holickie, M.E.},
	collaborator  = {Amaya, J. and Andersson, M.I. and Arul Murugan, N. and Caviedes Voullieme, D. and Carribault, P. and Gr{\"{u}}newald, D. and Jansson, N. and Mancusi, D. and Markidis, S. and Marsden, O. and de la Puente, J. and Rodriguez, J.E. and Castillo-Reyes, O. and Sinha, U.},
	year          = {2021},
	month         = {dec}
}

@techreport{iosea-d7.5,
	title         = {{IO-SEA} {D}7.5: {D}ata management plan},
	author        = {Gilliot, M.},
	institution   = {IO-Software for Exascale Architectures},
	year          = {2021},
	month         = {oct}
}

@techreport{iosea-d1.2,
	title         = {{IO-SEA} {D}1.2: {A}pplication use cases and traces},
	author        = {M.~E.~Holicki and E.~B.~Gregory and  M.~Golasowski},
	institution   = {IO-Software for Exascale Architectures},
	year          = {2021},
	month         = {Dec}
}

@techreport{iosea-d1.3,
	title         = {{IO-SEA} {D}1.3: {A}pplication {I}/{O}-Strategy},
	author        = {E.~B.~Gregory, P.~Couvee},
	institution   = {IO-Software for Exascale Architectures},
	year          = {2022},
	month         = {Jul}
}
@MISC{kronos,
	author        = {ECMWF },
	title         = {{Kronos, HPC workload simulator}},
	year          = 2018,
	howpublished  = {https://github.com/ecmwf/kronos},
	urldate       = {2018}
}

@techreport{iosea-d5.3,
	title         = {{IO-SEA} {D}5.3: {A}daptations of {A}pplication {W}orkflows to {DASI}},
	author        = {D.~Medeiros and S.~Markidis},
	institution   = {IO-Software for Exascale Architectures},
	year          = {2023},
	month         = {Mar}
}

@techreport{iosea-d3.2,
	title         = {{IO-SEA} {D}3.2: {I}nstrumentation and {M}onitoring: First version of the solution},
	author        = {E.~Borba and F.~Guimar{\~{a}}es and S.~Krempel and C.~Lemarinier and S.~Mimouni and S.~Wu},
	institution   = {IO-Software for Exascale Architectures},
	year          = {2023},
	month         = {Mar}
}